@article{10.1214/aop/1176993140,
	author = {Richard Durrett},
	title = {{Oriented Percolation in Two Dimensions}},
	volume = {12},
	journal = {The Annals of Probability},
	number = {4},
	publisher = {Institute of Mathematical Statistics},
	pages = {999 -- 1040},
	keywords = {contact process, Critical phenomena, percolation, phase transition},
	year = {1984},
	doi = {10.1214/aop/1176993140},
	URL = {https://doi.org/10.1214/aop/1176993140}
}